<?xml version="1.0" encoding="UTF-8"?><record xmlns="http://www.loc.gov/MARC21/slim" xmlns:cinclude="http://apache.org/cocoon/include/1.0" xmlns:zs="http://www.loc.gov/zing/srw/">
  <leader>00503nz  a2200157n  4500</leader>
  <controlfield tag="001">no 99032421 </controlfield>
  <controlfield tag="003">DLC</controlfield>
  <controlfield tag="005">19990507053627.9</controlfield>
  <controlfield tag="008">990506n| acannaab|          |a aaa     c</controlfield>
  <datafield tag="010" ind1=" " ind2=" ">
    <subfield code="a">no 99032421 </subfield>
  </datafield>
  <datafield tag="035" ind1=" " ind2=" ">
    <subfield code="a">(OCoLC)oca04980182 </subfield>
  </datafield>
  <datafield tag="040" ind1=" " ind2=" ">
    <subfield code="a">MoSU-L</subfield>
    <subfield code="c">MoSU-L</subfield>
  </datafield>
  <datafield tag="100" ind1="1" ind2=" ">
    <subfield code="a">Wood, Virginia,</subfield>
    <subfield code="d">1917-</subfield>
  </datafield>
  <datafield tag="400" ind1="1" ind2=" ">
    <subfield code="w">nna</subfield>
    <subfield code="a">Wood, Virginia L.,</subfield>
    <subfield code="d">1917-</subfield>
  </datafield>
  <datafield tag="670" ind1=" " ind2=" ">
    <subfield code="a">Due process of law, 1932-1949, 1951:</subfield>
    <subfield code="b">t.p. (Virginia Wood)</subfield>
  </datafield>
  <datafield tag="670" ind1=" " ind2=" ">
    <subfield code="a">LC in OCLC, May 6, 1999</subfield>
    <subfield code="b">(hdg.: Wood, Virginia L., 1917- ; usage: Virginia Wood)</subfield>
  </datafield>
</record>